@misc{berkeley_slides,
  author = {Angjoo Kanazawa and Alexei Efros},
  title = {{Structure-from-Motion (SfM) and Multi-View Stereo (MVS)}},
  howpublished = "\url{https://inst.eecs.berkeley.edu/~cs194-26/fa21/Lectures/mvssfm.pdf}",
  year = {2021}, 
  note = "[Online; accessed 27-April-2024]"
}

@inproceedings{kazhdan2006poisson,
  title={Poisson surface reconstruction},
  author={Kazhdan, Michael and Bolitho, Matthew and Hoppe, Hugues},
  booktitle={Proceedings of the fourth Eurographics symposium on Geometry processing},
  volume={7},
  number={4},
  year={2006}
}

@misc{bunny_mesh,
  author = {Ryan Schmidt},
  title = {{Mesh Simplification with g3Sharp}},
  howpublished = "\url{https://www.gradientspace.com/tutorials/2017/8/30/mesh-simplification}",
  year = {2017}, 
  note = "[Online; accessed 27-April-2024]"
}

@InProceedings{Park_2019_CVPR,
author = {Park, Jeong Joon and Florence, Peter and Straub, Julian and Newcombe, Richard and Lovegrove, Steven},
title = {DeepSDF: Learning Continuous Signed Distance Functions for Shape Representation},
booktitle = {The IEEE Conference on Computer Vision and Pattern Recognition (CVPR)},
month = {June},
year = {2019}
}

@article{bitterli18framework,
    author   = {Bitterli, Benedikt and Ravichandran, Srinath and M\"uller, Thomas and Wrenninge, Magnus and Nov\'ak,
                Jan and Marschner, Steve and Jarosz, Wojciech},
    title    = {A radiative transfer framework for non-exponential media},
    journal  = {ACM Transactions on Graphics (Proceedings of SIGGRAPH Asia)},
    volume   = {37},
    number   = {6},
    pages    = {225:1--225:17},
    year     = {2018},
    month    = nov,
    doi      = {10/gfz2cm},
    keywords = {physically based rendering, participating media, non-classical transport, artistic editing, appearance
                modeling}
}

@misc{rte,
  author = {Ioannis Gkioulekas},
  title = {{Participating media}},
  howpublished = "\url{http://graphics.cs.cmu.edu/courses/15-468/lectures/lecture_12.pdf}",
  year = {2024}, 
  note = "[Online; accessed 27-April-2024]"
}

@inproceedings{mildenhall2020nerf,
 title={NeRF: Representing Scenes as Neural Radiance Fields for View Synthesis},
 author={Ben Mildenhall and Pratul P. Srinivasan and Matthew Tancik and Jonathan T. Barron and Ravi Ramamoorthi and Ren Ng},
 year={2020},
 booktitle={ECCV},
}


@article{wang2021neus,
  title   = {NeuS: Learning Neural Implicit Surfaces by Volume Rendering for Multi-view Reconstruction},
  author  = {Wang, Peng and Liu, Lingjie and Liu, Yuan and Theobalt, Christian and Komura, Taku and Wang, Wenping},
  journal = {arXiv preprint arXiv:2106.10689},
  year    = {2021}
}

@inproceedings{yariv2021volume,
  title     = {Volume rendering of neural implicit surfaces},
  author    = {Yariv, Lior and Gu, Jiatao and Kasten, Yoni and Lipman, Yaron},
  booktitle = {Thirty-Fifth Conference on Neural Information Processing Systems},
  year      = {2021}
}

@inproceedings{li2023neuralangelo,
  title={Neuralangelo: High-Fidelity Neural Surface Reconstruction},
  author={Li, Zhaoshuo and M\"uller, Thomas and Evans, Alex and Taylor, Russell H and Unberath, Mathias and Liu, Ming-Yu and Lin, Chen-Hsuan},
  booktitle={IEEE Conference on Computer Vision and Pattern Recognition ({CVPR})},
  year={2023}
}

@inproceedings{neus2,
    title={NeuS2: Fast Learning of Neural Implicit Surfaces for Multi-view Reconstruction}, 
    author={Wang, Yiming and Han, Qin and Habermann, Marc and Daniilidis, Kostas and Theobalt, Christian and Liu, Lingjie},
    year={2023},
    booktitle={Proceedings of the IEEE/CVF International Conference on Computer Vision (ICCV)}
}

@inproceedings{wu2022voxurf,
    title={Voxurf: Voxel-based Efficient and Accurate Neural Surface Reconstruction},
    author={Tong Wu and Jiaqi Wang and Xingang Pan and Xudong Xu and Christian Theobalt and Ziwei Liu and Dahua Lin},
    booktitle={International Conference on Learning Representations (ICLR)},
    year={2023},
}

@article{Fu2022GeoNeus,  
  title={Geo-Neus: Geometry-Consistent Neural Implicit Surfaces Learning for Multi-view Reconstruction}, 
  author={Fu, Qiancheng and Xu, Qingshan and Ong, Yew-Soon and Tao, Wenbing}, 
  journal={Advances in Neural Information Processing Systems (NeurIPS)},
  year={2022}
}

@inproceedings{neuralwarp,
    author    = {Darmon, Fran{\c{c}}ois  and
                 Bascle, B{\'{e}}n{\'{e}}dicte  and
                 Devaux, Jean{-}Cl{\'{e}}ment  and
                 Monasse, Pascal  and
                 Aubry, Mathieu},
    title     = {Improving neural implicit surfaces geometry with patch warping},
    year      = {2022},
    booktitle = CVPR,
  }


@misc{wn,
  author = {Ryan Schmidt},
  title = {{Surfacing Point Sets with Fast Winding Numbers}},
  howpublished = "\url{https://www.gradientspace.com/tutorials/2018/9/14/point-set-fast-winding}",
  year = {2018}, 
  note = "[Online; accessed 27-April-2024]"
}

@article{Barill:FW:2018,
  title = {Fast Winding Numbers for Soups and Clouds},
  author = {Gavin Barill and Nia Dickson and Ryan Schmidt and David I.W. Levin and Alec Jacobson},
  year = {2018},
  journal = {ACM Transactions on Graphics}, 
}
